<?xml version="1.0" encoding="UTF-8"?><record xmlns="http://www.loc.gov/MARC21/slim" xmlns:cinclude="http://apache.org/cocoon/include/1.0" xmlns:zs="http://www.loc.gov/zing/srw/">
  <leader>00847cz  a2200145n  4500</leader>
  <controlfield tag="001">n  98049238 </controlfield>
  <controlfield tag="003">DLC</controlfield>
  <controlfield tag="005">20120731083208.0</controlfield>
  <controlfield tag="008">980529n| acannaab           |a ana      </controlfield>
  <datafield tag="010" ind1=" " ind2=" ">
    <subfield code="a">n  98049238 </subfield>
  </datafield>
  <datafield tag="040" ind1=" " ind2=" ">
    <subfield code="a">DLC</subfield>
    <subfield code="b">eng</subfield>
    <subfield code="c">DLC</subfield>
    <subfield code="d">DLC</subfield>
  </datafield>
  <datafield tag="111" ind1="2" ind2=" ">
    <subfield code="a">Naukovo-praktychna konferent︠s︡ii︠a︡ "Derz︠h︡avna ideolohii︠a︡ v suchasniĭ Ukraïny"</subfield>
    <subfield code="d">(1994 :</subfield>
    <subfield code="c">Tovarystvo "Prosvita")</subfield>
  </datafield>
  <datafield tag="411" ind1="2" ind2=" ">
    <subfield code="a">Konferent︠s︡ii︠a︡ "Derz︠h︡avna ideolohii︠a︡ v suchasniĭ Ukraïny", Naukovo-praktychna</subfield>
  </datafield>
  <datafield tag="667" ind1=" " ind2=" ">
    <subfield code="a">THIS 1XX FIELD CANNOT BE USED UNDER RDA UNTIL THIS RECORD HAS BEEN REVIEWED AND/OR UPDATED</subfield>
  </datafield>
  <datafield tag="670" ind1=" " ind2=" ">
    <subfield code="a">Derz︠h︡avna ideolohii︠a︡ v suchasniĭ Ukraïny, 1995:</subfield>
    <subfield code="b">t.p. verso (Naukovo-praktychniĭ konferent︠s︡iï "Derz︠h︡avna ideolohii︠a︡ v suchasniĭ Ukraïny"; held 20 May 1994 and sponsored by Tovarystvo "Prosvita")</subfield>
  </datafield>
</record>